@inproceedings{sadov2010towards,
  title={Towards Partial (and Useful) Model Identification for Model-Based Diagnosis},
  author={Sadov, Vladimir and Khalastchi, Eliahu and Kalech, Meir and Kaminka, Gal A},
  booktitle={the Workshop on Principles of Diagnosis (DX)},
  year={2010}
}

@article{juba2016conditional,
  title={Conditional Sparse Linear Regression},
  author={Juba, Brendan},
  journal={arXiv preprint arXiv:1608.05152},
  year={2016}
}

@inproceedings{niggemann2012learning,
  title={Learning Behavior Models for Hybrid Timed Systems.},
  author={Niggemann, Oliver and Stein, Benno and Vodencarevic, Asmir and Maier, Alexander and B{\"u}ning, Hans Kleine},
  booktitle={AAAI},
  volume={2},
  pages={1083--1090},
  year={2012}
}

@inproceedings{struss1989physical,
  title={``Physical Negation'' Integrating Fault Models into the General Diagnostic Engine.},
  author={Struss, Peter and Dressler, Oskar},
  booktitle={IJCAI},
  volume={89},
  pages={1318--1323},
  year={1989}
}

@article{metodi2014novel,
  title={A novel sat-based approach to model based diagnosis},
  author={Metodi, Amit and Stern, Roni and Kalech, Meir and Codish, Michael},
  journal={Journal of Artificial Intelligence Research},
  volume={51},
  pages={377--411},
  year={2014}
}

@inproceedings{cassandra1994acting,
  title={Acting optimally in partially observable stochastic domains},
  author={Cassandra, Anthony R and Kaelbling, Leslie Pack and Littman, Michael L},
  booktitle={AAAI},
  volume={94},
  pages={1023--1028},
  year={1994}
}

@article{greiner1996palo,
  title={{PALO}: A probabilistic hill-climbing algorithm},
  author={Greiner, Russell},
  journal={Artificial Intelligence},
  volume={84},
  number={1},
  pages={177--208},
  year={1996},
  publisher={Elsevier}
}

@article{kushmerick1995algorithm,
  title={An algorithm for probabilistic planning},
  author={Kushmerick, Nicholas and Hanks, Steve and Weld, Daniel S},
  journal={Artificial Intelligence},
  volume={76},
  number={1},
  pages={239--286},
  year={1995},
  publisher={Elsevier}
}

@inproceedings{taig2015compilation,
  title={A Compilation Based Approach to Conformant Probabilistic Planning with Stochastic Actions.},
  author={Taig, Ran and Brafman, Ronen I},
  booktitle={ICAPS},
  volume={2015},
  pages={220--224},
  year={2015}
}

@article{markou2016cost,
  title={Cost-Sensitive Probabilistic Contingent Planning for Web Service Composition},
  author={Markou, George and Refanidis, Ioannis},
  journal={International Journal on Artificial Intelligence Tools},
  volume={25},
  number={01},
  year={2016}
}

@inproceedings{blum1999probabilistic,
  title={Probabilistic planning in the graphplan framework},
  author={Blum, Avrim L and Langford, John C},
  booktitle={European Conference on Planning},
  pages={319--332},
  year={1999},
  organization={Springer}
}



@inproceedings{borgo2016planning,
  title={A Planning-Based Architecture for a Reconfigurable Manufacturing System.},
  author={Borgo, Stefano and Cesta, Amedeo and Orlandini, Andrea and Umbrico, Alessandro},
  booktitle={ICAPS},
  pages={358--366},
  year={2016}
}

@article{ruml2011line,
  title={On-line planning and scheduling: An application to controlling modular printers},
  author={Ruml, Wheeler and Do, Minh Binh and Zhou, Rong and Fromherz, Markus PJ},
  journal={Journal of Artificial Intelligence Research},
  volume={40},
  pages={415--468},
  year={2011}
}

@book{chen2012robust,
  title={Robust model-based fault diagnosis for dynamic systems},
  author={Chen, Jie and Patton, Ron J},
  volume={3},
  year={2012},
  publisher={Springer Science \& Business Media}
}

@article{dexter1997model,
  title={Model-based fault diagnosis using fuzzy matching},
  author={Dexter, Arthur L and Benouarets, Mourad},
  journal={IEEE Transactions on Systems, Man, and Cybernetics-Part A: Systems and Humans},
  volume={27},
  number={5},
  pages={673--682},
  year={1997}
}

@article{frank1997survey,
  title={Survey of robust residual generation and evaluation methods in observer-based fault detection systems},
  author={Frank, Paul M and Ding, Xianchun},
  journal={Journal of process control},
  volume={7},
  number={6},
  pages={403--424},
  year={1997},
  publisher={Elsevier}
}

@Book{reasoning2016dictionary,
    publisher = {Merriam-Webster},
    author = {Reasoning.},
    title = {{The Merriam-Webster Dictionary}},
    year = {2016},
}


@article{torta2006onTheUse,
  author    = {Gianluca Torta and
               Pietro Torasso},
  title     = {On the use of OBDDs in model-based diagnosis: An approach based on
               the partition of the model},
  journal   = {Knowl.-Based Syst.},
  volume    = {19},
  number    = {5},
  pages     = {316--323},
  year      = {2006}
}



@article{darwiche2001decomposable,
  title={Decomposable negation normal form},
  author={Darwiche, Adnan},
  journal={Journal of the ACM (JACM)},
  volume={48},
  number={4},
  pages={608--647},
  year={2001},
  publisher={ACM}
}


@inproceedings{feldman2006two,
  title={A two-step hierarchical algorithm for model-based diagnosis},
  author={Feldman, Alexander and Van Gemund, Arjan},
  booktitle={{AAAI}},
  volume={21},
  number={1},
  pages={827},
  year={2006}
}

@article{korf1985macro,
  title={Macro-operators: A weak method for learning},
  author={Korf, Richard E},
  journal={Artificial intelligence},
  volume={26},
  number={1},
  pages={35--77},
  year={1985},
  publisher={Elsevier}
}


@article{koedinger1990abstract,
  title={Abstract planning and perceptual chunks: Elements of expertise in geometry},
  author={Koedinger, Kenneth R and Anderson, John R},
  journal={Cognitive Science},
  volume={14},
  number={4},
  pages={511--550},
  year={1990},
  publisher={Elsevier}
}

@inproceedings{chrpa2015online,
  title={On the online generation of effective macro-operators},
  author={Chrpa, Luk{\'a}{\v{s}} and Vallati, Mauro and McCluskey, Thomas Leo},
  booktitle={the International Conference on Artificial Intelligence ({AAAI})},
  pages={1544--1550},
  year={2015}
}

@article{coles2007marvin,
  title={Marvin: A Heuristic Search Planner with Online Macro-Action Learning.},
  author={Coles, Andrew and Smith, Amanda},
  journal={J. Artif. Intell. Res.(JAIR)},
  volume={28},
  pages={119--156},
  year={2007}
}

@inproceedings{chrpa2014mum,
  title={{MUM}: A Technique for Maximising the Utility of Macro-operators by Constrained Generation and Use.},
  author={Chrpa, Luk{\'a}s and Vallati, Mauro and McCluskey, Thomas Leo},
  booktitle={ICAPS},
  year={2014}
}

@article{bylander1994computational,
  title={The computational complexity of propositional STRIPS planning},
  author={Bylander, Tom},
  journal={Artificial Intelligence},
  volume={69},
  number={1},
  pages={165--204},
  year={1994}
}

@article{bylander1991computational,
  title={The computational complexity of abduction},
  author={Bylander, Tom and Allemang, Dean and Tanner, Michael C and Josephson, John R},
  journal={Artificial intelligence},
  volume={49},
  number={1},
  pages={25--60},
  year={1991}
}

@inproceedings{wotawa2002model,
  title={Model-based debugging or how to diagnose programs automatically},
  author={Wotawa, Franz and Stumptner, Markus and Mayer, Wolfgang},
  booktitle={International Conference on Industrial, Engineering and Other Applications of Applied Intelligent Systems},
  pages={746--757},
  year={2002}
}

@inproceedings{Zamir2014UsingMD,
  title={Using Model-Based Diagnosis to Improve Software Testing},
  author={Tom Zamir and Roni Stern and Meir Kalech},
  booktitle={AAAI},
  year={2014}
}

@inproceedings{williams96,
 author = {Williams, Brian C. and Nayak, P. Pandurang},
 title = {A model-based approach to reactive self-configuring systems},
 booktitle = {AAAI},
  year = {1996},
  pages = {971--978}
}


@article{struss2003model,
  title={Model-based systems in the automotive industry},
  author={Struss, Peter and Price, Chris},
  journal={AI magazine},
  volume={24},
  number={4},
  pages={17--34},
  year={2003}
}

@article{reiter1987theory,
  title={A theory of diagnosis from first principles},
  author={Reiter, Raymond},
  journal={Artificial intelligence},
  volume={32},
  number={1},
  pages={57--95},
  year={1987}
}

@inproceedings{phillips2012graphs,
  title={E-Graphs: Bootstrapping Planning with Experience Graphs},
  author={Phillips, Mike and Cohen, Benjamin J and Chitta, Sachin and Likhachev, Maxim},
  booktitle={Robotics: Science and Systems},
  volume={5},
  number={1},
  year={2012}
}

@article{qin2012survey,
  title={Survey on data-driven industrial process monitoring and diagnosis},
  author={Qin, S Joe},
  journal={Annual Reviews in Control},
  volume={36},
  number={2},
  pages={220--234},
  year={2012},
  publisher={Elsevier}
}

@inproceedings{harpstead2013investigating,
  title={Investigating the solution space of an open-ended educational game using conceptual feature extraction},
  author={Harpstead, Erik and MacLellan, Christopher J and Koedinger, Kenneth R and Aleven, Vincent and Dow, Steven P and Myers, Brad},
  year={2013},
  booktitle={International Conference on Educational Data Mining (EDM)}
}

@inproceedings{peng2011helix,
  title={Helix: Unsupervised grammar induction for structured activity recognition},
  author={Peng, Huan-Kai and Wu, Pang and Zhu, Jiang and Zhang, Joy Ying},
  booktitle={International Conference on Data Mining ({ICDM})},
  pages={1194--1199},
  year={2011}
}

@inproceedings{tian2016discovering,
  title={Discovering Underlying Plans Based on Distributed Representations of Actions},
  author={Tian, Xin and Zhuo, Hankz Hankui and Kambhampati, Subbarao},
  booktitle={the International Conference on Autonomous Agents \& Multiagent Systems ({AAMAS})},
  pages={1135--1143},
  year={2016},
}

@article{valiant2000robustLogics,
title = "Robust logics",
journal = "Artificial Intelligence",
volume = "117",
number = "2",
pages = "231 -- 253",
year = "2000",
author = "Leslie G. Valiant"
}

@article{valiant2000neuroidal,
 author = {Leslie G. Valiant},
 title = {A Neuroidal Architecture for Cognitive Computation},
 journal = {Journal of the {ACM}},
 volume = {47},
 number = {5},
 pages = {854--882},
 year = {2000}
}

@inproceedings{valiant2006knowledgeInfusion,
 author = {Leslie G. Valiant},
 title = {Knowledge Infusion},
 booktitle = {{AAAI} Conference on Artificial Intelligence},
 pages = {1546--1551},
 year = {2006}
}

@inproceedings{michael2008first,
  title={A First Experimental Demonstration of Massive Knowledge Infusion.},
  author={Michael, Loizos and Valiant, Leslie G},
  booktitle={KR},
  pages={378--389},
  year={2008}
}

@inproceedings{semeraro2009knowledge,
  title={Knowledge infusion into content-based recommender systems},
  author={Semeraro, Giovanni and Lops, Pasquale and Basile, Pierpaolo and de Gemmis, Marco},
  booktitle={ACM conference on Recommender systems (RecSys)},
  pages={301--304},
  year={2009}
}


@article{michael2010partialObservability,
 author = {Loizos Michael},
 title = {Partial observability and learnability},
 journal = {Artificial Intelligence},
 volume = {174},
 number = {11},
 pages = {639--669},
 year = {2010}
}

@article{khardon1997l2r,
 author = {Roni Khardon and Dan Roth},
 title = {Learning to Reason},
 journal = {Journal of the {ACM}},
 volume = {44},
 number =  {5},
 pages = {697--725},
 year = {1997}
}

@article{khardon1999l2act,
 author = {Roni Khardon},
 title = {Learning to take actions},
 journal = {Machine Learning},
 volume = {35},
 number = {1},
 pages = {57--90},
 year = {1999}
}

@article{kearns2002POMDPsample,
  author = {Michael Kearns and Yishay Mansour and Andrew Ng},
 title = {A sparse sampling algorithm for near-optimal planning in large {M}arkov decision processes},
 journal = {Machine Learning},
 volume = {49},
 number = {2},
 pages = {193--208},
 year = {2002}
}

@article{mannila1997sequences,
 author = {Heikki Mannila and Hannu Toivonen and A. Inkeri Verkamo},
 title = {Discovery of frequent episodes in event sequences}, 
 journal = {Data mining and knowledge discovery},
 volume = {1},
 number = {3},
 year = {1997},
 pages = {259--289}
}

@article{mccarthy1987epistemological,
  title={Epistemological problems of artificial intelligence},
  author={McCarthy, John},
  journal={Readings in Artificial Intelligence},
  pages={459},
  year={1987}
}

@book{ghallab2004automated,
  title={Automated planning: theory \& practice},
  author={Ghallab, Malik and Nau, Dana and Traverso, Paolo},
  year={2004},
  publisher={Elsevier}
}

@article{williams2007conflict,
  title={Conflict-directed A* and its role in model-based embedded systems},
  author={Williams, Brian C and Ragno, Robert J},
  journal={Discrete Applied Mathematics},
  volume={155},
  number={12},
  pages={1562--1595},
  year={2007},
  publisher={Elsevier}
}

@article{de1987diagnosing,
  title={Diagnosing multiple faults},
  author={De Kleer, Johan and Williams, Brian C},
  journal={Artificial intelligence},
  volume={32},
  number={1},
  pages={97--130},
  year={1987},
  publisher={Elsevier}
}

@article{deKleer1986assumption,
  title={An assumption-based TMS},
  author={De Kleer, Johan},
  journal={Artificial intelligence},
  volume={28},
  number={2},
  pages={127--162},
  year={1986},
  publisher={Elsevier}
}

@inproceedings{elmishali2016data,
  title={Data-Augmented Software Diagnosis},
  author={Elmishali, Amir and Stern, Roni and Kalech, Meir},
  booktitle = {IAAI/AAAI},
  year = {2016}
}

@inproceedings{stern2015many,
  title={How many diagnoses do we need?},
  author={Stern, Roni Tzvi and Kalech, Meir and Rogov, Shelly and Feldman, Alexander},
  booktitle={AAAI},
  pages={1618--1624},
  year={2015}
}

@inproceedings{keren2011model,
  title={Model-based diagnosis with multi-label classification},
  author={Keren, Betty and Kalech, Meir and Rokach, Lior},
  booktitle={International workshop on principles of diagnosis ({DX})},
  year={2011}
}

@inproceedings{lipovetzky2012width,
  title={Width and Serialization of Classical Planning Problems.},
  author={Lipovetzky, Nir and Geffner, H{\'e}ctor},
  booktitle={ECAI},
  volume={2012},
  pages={20th},
  year={2012}
}

@article{hoffmann2011analyzing,
  title={Analyzing search topology without running any search: On the connection between causal graphs and h+},
  author={Hoffmann, J{\"o}rg},
  journal={Journal of Artificial Intelligence Research},
  volume={41},
  pages={155--229},
  year={2011}
}

@article{gimenez2012influence,
  title={The influence of k-dependence on the complexity of planning},
  author={Gim{\'e}nez, Omer and Jonsson, Anders},
  journal={Artificial Intelligence},
  volume={177},
  pages={25--45},
  year={2012},
  publisher={Elsevier}
}

@article{katz2008new,
  title={New Islands of Tractability of Cost-Optimal Planning.},
  author={Katz, Michael and Domshlak, Carmel},
  journal={J. Artif. Intell. Res.(JAIR)},
  volume={32},
  pages={203--288},
  year={2008}
}

@inproceedings{ernandes2004likely,
  title={Likely-admissible and sub-symbolic heuristics},
  author={Ernandes, Marco and Gori, Marco},
  booktitle={ECAI},
  volume={16},
  pages={613},
  year={2004},
  organization={Citeseer}
}

@inproceedings{xu2007discriminative,
  title={Discriminative Learning of Beam-Search Heuristics for Planning},
  author={Xu, Yuehua and Fern, Alan and Yoon, Sung Wook},
  booktitle={IJCAI},
  pages={2041--2046},
  year={2007}
}

@article{arfaee2011learning,
  title={Learning heuristic functions for large state spaces},
  author={{Jabbari Arfaee}, Shahab and Zilles, Sandra and Holte, Robert C},
  journal={Artificial Intelligence},
  volume={175},
  number={16},
  pages={2075--2098},
  year={2011}
}

@inproceedings{samadi2008learning,
  title={Learning from Multiple Heuristics},
  author={Samadi, Mehdi and Felner, Ariel and Schaeffer, Jonathan},
  booktitle={AAAI},
  pages={357--362},
  year={2008}
}

@article{fern2011first,
  title={The first learning track of the international planning competition},
  author={Fern, Alan and Khardon, Roni and Tadepalli, Prasad},
  journal={Machine Learning},
  volume={84},
  number={1-2},
  pages={81--107},
  year={2011}
}

@inproceedings{yoon2006learning,
  title={Learning Heuristic Functions from Relaxed Plans.},
  author={Yoon, Sung Wook and Fern, Alan and Givan, Robert},
  booktitle={ICAPS},
  pages={162--171},
  year={2006}
}

@article{fikes1971strips,
  title={{STRIPS}: A new approach to the application of theorem proving to problem solving},
  author={Fikes, Richard E and Nilsson, Nils J},
  journal={Artificial intelligence},
  volume={2},
  number={3-4},
  pages={189--208},
  year={1971}
}

@book{adams1995hitchhiker,
  title={The Hitchhiker's Guide to the Galaxy},
  author={Adams, D.},
  isbn={9781417642595},
  url={http://books.google.com/books?id=W-xMPgAACAAJ},
  year={1995},
  publisher={San Val}
}

@article{sharon2013increasing,
  title={The increasing cost tree search for optimal multi-agent pathfinding},
  author={Sharon, Guni and Stern, Roni and Goldenberg, Meir and Felner, Ariel},
  journal={Artificial Intelligence},
  volume={195},
  pages={470--495},
  year={2013},
  publisher={Elsevier}
}

@article{sharon2015conflict,
  title={Conflict-based search for optimal multi-agent pathfinding},
  author={Sharon, Guni and Stern, Roni and Felner, Ariel and Sturtevant, Nathan R},
  journal={Artificial Intelligence},
  volume={219},
  pages={40--66},
  year={2015},
  publisher={Elsevier}
}

@article{felner2004pha,
  title={PHA*: finding the shortest path with A* in an unknown physical environment},
  author={Felner, Ariel and Stern, Roni and Ben-Yair, Asaph and Kraus, Sarit and Netanyahu, Nathan},
  journal={Journal of Artificial Intelligence Research},
  volume={21},
  pages={631--670},
  year={2004}
}

@inproceedings{stern2012exploring,
  title={Exploring the Duality in Conflict-Directed Model-Based Diagnosis.},
  author={Stern, Roni and Kalech, Meir and Feldman, Alexander and Provan, Gregory M},
  booktitle={AAAI},
  volume={12},
  pages={828--834},
  year={2012}
}

@article{goldenberg2014enhanced,
  title={Enhanced Partial Expansion {A*}},
  author={Goldenberg, Meir and Felner, Ariel and Stern, Roni and Sharon, Guni and Sturtevant, Nathan R and Holte, Robert C and Schaeffer, Jonathan},
  journal={J. Artif. Intell. Res.(JAIR)},
  volume={50},
  pages={141--187},
  year={2014}
}

@article{stern2014potential,
  title={Potential-based bounded-cost search and Anytime Non-Parametric A*},
  author={Stern, Roni and Felner, Ariel and van den Berg, Jur and Puzis, Rami and Shah, Rajat and Goldberg, Ken},
  journal={Artificial Intelligence},
  volume={214},
  pages={1--25},
  year={2014},
  publisher={Elsevier}
}

@inproceedings{mirsky2016sequential,
  title={Sequential plan recognition},
  author={Mirsky, Reuth and Gal, Ya'akov Kobi and Stern, Roni and Kalech, Meir},
  booktitle={International Joint Conference on Artificial Intelligence ({IJCAI})},
  pages={401--407},
  year={2016}
}

@article{maliah2016collaborative,
  title={Collaborative privacy preserving multi-agent planning},
  author={Maliah, Shlomi and Shani, Guy and Stern, Roni},
  journal={Autonomous Agents and Multi-Agent Systems},
  pages={1--38},
  year={2016},
  publisher={Springer US}
}

@article{stern2014model,
  title={Model-based diagnosis techniques for Internet delay diagnosis with dynamic routing},
  author={Stern, Roni and Kalech, Meir},
  journal={Applied intelligence},
  volume={41},
  number={1},
  pages={167--183},
  year={2014},
  publisher={Springer US}
}


@inproceedings{stern2014hierarchical,
  title={Hierarchical Diagnosis in Strong Fault Models},
  author={Stern, Roni and Kalech, Meir and Elimelech, Orel},
  booktitle={International Workshop on Principles of Diagnosis ({DX})},
  year={2014}
}

@inproceedings{lazebnik2016solving,
  title={Solving Sequential Diagnosis by Compilation to Boolean Satisfiability},
  author={Ester Lazebnik, Roni Stern, and Meir Kalech},
  booktitle={International Workshop on Principles of Diagnosis ({DX})},
  year={2016}
}



@inproceedings{stern2011probably,
  title={Probably approximately correct heuristic search},
  author={Stern, Roni and Felner, Ariel and Holte, Robert},
  booktitle={Symposium on Combinatorial Search ({SoCS}},
  year={2011}
}


@inproceedings{stern2012search,
  title={Search-Aware Conditions for Probably Approximately Correct Heuristic Search.},
  author={Stern, Roni and Felner, Ariel and Holte, Robert C},
  booktitle={Symposium on Combinatorial Search ({SoCS}},
  year={2012}
}


@inproceedings{elmishali2016dataAugmented,
  author    = {Amir Elmishali and
               Roni Stern and
               Meir Kalech},
  title     = {Data-Augmented Software Diagnosis},
  booktitle = {{AAAI} Conference on Artificial Intelligence},
  pages     = {4003--4009},
  year      = {2016}
}

@inproceedings{hasidi2016anticipatory,
  title={Anticipatory Troubleshooting},
  author={Netantel Hasidi, Roni Stern, Meir Kalech, Shulamit Reches},
  booktitle={International Joint Conference on Artificial Intelligence ({IJCAI})},
  pages={3133--3138},
  year={2016}
}

@inproceedings{juba2015itcs,
 author = {Brendan Juba},
 title = {Restricted distribution automatizability under {PAC}-Semantics},
 booktitle = {Innovations in Theoretical Computer Science ({ITCS})},
 pages = {93--102},
 year = {2015},
 note = {Preliminary full version available online as \url{http://www.cse.wustl.edu/~bjuba/papers/rdaut.pdf}}
}

@inproceedings{juba2013ijcai,
 author = {Brendan Juba},
 title = {Implicit learning of common sense for reasoning},
 booktitle = {International Joint Conference on Artificial Intelligence ({IJCAI})},
 pages = {939--946},
 year = {2013}
}

@article{juba2016jmlr,
  author = {Brendan Juba},
  title = {Integrated Common Sense Learning and Planning in {POMDPs}},
  journal = {Journal of Machine Learning Research},
  volume = {17},
  number = {96},
  pages = {1--37},
  year = {2016}
 }
 
 @inproceedings{juba2015ndss,
   author = {Brendan Juba and Christopher Musco and Fan Long and Stelios Sidiroglou and Martin Rinard},
   title = {Principled Sampling for Anomaly Detection},
   booktitle = {Network and Distributed System Security ({NDSS})},
   year = {2015},
   note = {\url{http://www.internetsociety.org/doc/principled-sampling-anomaly-detection}}
}

@inproceedings{juba2016aaai,
 author = {Brendan Juba},
 title = {Learning abductive reasoning using random examples},
 booktitle = {{AAAI} Conference on Artificial Intelligence},
 pages = {999--1007},
 year = {2016}
}
